@article{Gutiérrez2016,
	author={P. A. Gutiérrez and M. Pérez-Ortiz and J. Sánchez-Monedero and F. Fernández-Navarro and C. Hervás-Martínez},
	journal={IEEE Transactions on Knowledge and Data Engineering},
	title={Ordinal Regression Methods: Survey and Experimental Study},
	year={2016},
	volume={28},
	number={1},
	pages={127-146},
	keywords={learning (artificial intelligence);pattern classification;regression analysis;standard nominal classification techniques;pattern classification;machine learning problems;ordinal regression methods;Training;Biological system modeling;Predictive models;Taxonomy;Support vector machines;Standards;Sorting;Ordinal regression;ordinal classification;binary decomposition;threshold methods;augmented binary classification;proportional odds model;support vector machines;discriminant learning;artificial neural networks;Ordinal regression;ordinal classification;binary decomposition;threshold methods;augmented binary classification;proportional odds model;support vector machines;discriminant learning;artificial neural networks},
	doi={10.1109/TKDE.2015.2457911},
	ISSN={1041-4347},
	month={Jan},}

@article{Knuth1968,
  title={Semantics of Context-free Languages},
  author={Knuth, Donald E},
  journal={Mathematical Systems Theory},
  volume={2},
  number={2},
  pages={127--145},
  year={1968},
  publisher={Springer}
}
